@article{dahl2017random,
  title={Random partition distribution indexed by pairwise information},
  author={Dahl, David B and Day, Ryan and Tsai, Jerry W},
  journal={Journal of the American Statistical Association},
  volume={112},
  number={518},
  pages={721--732},
  year={2017},
  publisher={Taylor \& Francis}
}

@article{glynn2021inflection,
  title={Inflection points in community-level homeless rates},
  author={Glynn, Chris and Byrne, Thomas H and Culhane, Dennis P},
  journal={The Annals of Applied Statistics},
  volume={15},
  number={2},
  pages={1037--1053},
  year={2021},
  publisher={Institute of Mathematical Statistics}
}

@article{medvedovic2004bayesian,
  title={Bayesian mixture model based clustering of replicated microarray data},
  author={Medvedovic, Mario and Yeung, Ka Yee and Bumgarner, Roger Eugene},
  journal={Bioinformatics},
  volume={20},
  number={8},
  pages={1222--1232},
  year={2004},
  publisher={Oxford University Press}
}

@phdthesis{kim2020causal,
  title={Causal Inference with Complex Data Structures and Non-Standard Effects},
  author={Kim, Kwangho},
  year={2020},
  school={Carnegie Mellon University}
}
